
    <marc:record>
        <marc:leader>02343cpcaa2200421Ii 4500</marc:leader>
        <marc:controlfield tag="001">002565795</marc:controlfield>
        <marc:controlfield tag="005">20200414165931.0</marc:controlfield>
        <marc:controlfield tag="008">990412i18561905ncu                 eng d</marc:controlfield>
        <marc:datafield tag="035" ind1=" " ind2=" ">
            <marc:subfield code="a">41150130</marc:subfield>
        </marc:datafield>
        <marc:datafield tag="040" ind1=" " ind2=" ">
            <marc:subfield code="a">NDD</marc:subfield>
            <marc:subfield code="b">eng</marc:subfield>
            <marc:subfield code="e">rda</marc:subfield>
            <marc:subfield code="e">dacs</marc:subfield>
            <marc:subfield code="c">NDD</marc:subfield>
            <marc:subfield code="d">OCLCQ</marc:subfield>
            <marc:subfield code="d">OCLCG</marc:subfield>
            <marc:subfield code="d">OCLCO</marc:subfield>
            <marc:subfield code="d">OCLCA</marc:subfield>
            <marc:subfield code="d">OCLCF</marc:subfield>
            <marc:subfield code="d">OCL</marc:subfield>
            <marc:subfield code="d">NDD</marc:subfield>
        </marc:datafield>
        <marc:datafield tag="041" ind1=" " ind2=" ">
            <marc:subfield code="a">eng</marc:subfield>
        </marc:datafield>
        <marc:datafield tag="043" ind1=" " ind2=" ">
            <marc:subfield code="a">n-us-nc</marc:subfield>
        </marc:datafield>
        <marc:datafield tag="049" ind1=" " ind2=" ">
            <marc:subfield code="a">NDDP</marc:subfield>
        </marc:datafield>
        <marc:datafield tag="100" ind1="1" ind2=" ">
            <marc:subfield code="a">Hawkins, Marmaduke J.,</marc:subfield>
            <marc:subfield code="d">1850-1920,</marc:subfield>
            <marc:subfield code="e">creator.</marc:subfield>
        </marc:datafield>
        <marc:datafield tag="245" ind1="1" ind2="0">
            <marc:subfield code="a">Marmaduke J. Hawkins papers,</marc:subfield>
            <marc:subfield code="f">1856-1905</marc:subfield>
            <marc:subfield code="g">bulk 1884-1905.</marc:subfield>
        </marc:datafield>
        <marc:datafield tag="264" ind1=" " ind2="0">
            <marc:subfield code="c">1856-1905.</marc:subfield>
        </marc:datafield>
        <marc:datafield tag="300" ind1=" " ind2=" ">
            <marc:subfield code="a">43 items</marc:subfield>
        </marc:datafield>
        <marc:datafield tag="336" ind1=" " ind2=" ">
            <marc:subfield code="a">text</marc:subfield>
            <marc:subfield code="b">txt</marc:subfield>
            <marc:subfield code="2">rdacontent</marc:subfield>
        </marc:datafield>
        <marc:datafield tag="337" ind1=" " ind2=" ">
            <marc:subfield code="a">unmediated</marc:subfield>
            <marc:subfield code="b">n</marc:subfield>
            <marc:subfield code="2">rdamedia</marc:subfield>
        </marc:datafield>
        <marc:datafield tag="338" ind1=" " ind2=" ">
            <marc:subfield code="a">sheet</marc:subfield>
            <marc:subfield code="b">nb</marc:subfield>
            <marc:subfield code="2">rdacarrier</marc:subfield>
        </marc:datafield>
        <marc:datafield tag="545" ind1=" " ind2=" ">
            <marc:subfield code="a">Marmaduke J. Hawkins was a lawyer and local politician of Ridgeway (Warren County), North Carolina.</marc:subfield>
        </marc:datafield>
        <marc:datafield tag="520" ind1="8" ind2=" ">
            <marc:subfield code="a">Business and political correspondence. Among the correspondents are Walter Clark and F.M. Simmons.</marc:subfield>
        </marc:datafield>
        <marc:datafield tag="500" ind1=" " ind2=" ">
            <marc:subfield code="a">Unprocessed collection. Cataloged from guide.</marc:subfield>
        </marc:datafield>
        <marc:datafield tag="600" ind1="1" ind2="0">
            <marc:subfield code="a">Hawkins, Marmaduke J.,</marc:subfield>
            <marc:subfield code="d">1850-1920.</marc:subfield>
        </marc:datafield>
        <marc:datafield tag="600" ind1="1" ind2="0">
            <marc:subfield code="a">Clark, Walter,</marc:subfield>
            <marc:subfield code="d">1846-1924.</marc:subfield>
            <marc:subfield code="0">http://id.loc.gov/authorities/names/n80090208</marc:subfield>
        </marc:datafield>
        <marc:datafield tag="600" ind1="1" ind2="0">
            <marc:subfield code="a">Simmons, Furnifold M.</marc:subfield>
            <marc:subfield code="q">(Furnifold McLendel),</marc:subfield>
            <marc:subfield code="d">1854-1940.</marc:subfield>
            <marc:subfield code="0">http://id.loc.gov/authorities/names/n90640213</marc:subfield>
        </marc:datafield>
        <marc:datafield tag="600" ind1="1" ind2="7">
            <marc:subfield code="a">Clark, Walter,</marc:subfield>
            <marc:subfield code="d">1846-1924.</marc:subfield>
            <marc:subfield code="2">fast</marc:subfield>
            <marc:subfield code="0">http://id.worldcat.org/fast/57823</marc:subfield>
        </marc:datafield>
        <marc:datafield tag="600" ind1="1" ind2="7">
            <marc:subfield code="a">Simmons, Furnifold M.</marc:subfield>
            <marc:subfield code="q">(Furnifold McLendel),</marc:subfield>
            <marc:subfield code="d">1854-1940.</marc:subfield>
            <marc:subfield code="2">fast</marc:subfield>
            <marc:subfield code="0">http://id.worldcat.org/fast/268571</marc:subfield>
        </marc:datafield>
        <marc:datafield tag="651" ind1=" " ind2="0">
            <marc:subfield code="a">North Carolina</marc:subfield>
            <marc:subfield code="x">Politics and government</marc:subfield>
            <marc:subfield code="y">1865-1950.</marc:subfield>
            <marc:subfield code="0">http://id.loc.gov/authorities/subjects/sh85092498</marc:subfield>
        </marc:datafield>
        <marc:datafield tag="650" ind1=" " ind2="0">
            <marc:subfield code="a">Lawyers</marc:subfield>
            <marc:subfield code="0">http://id.loc.gov/authorities/subjects/sh85075351</marc:subfield>
            <marc:subfield code="z">North Carolina</marc:subfield>
            <marc:subfield code="0">http://id.loc.gov/authorities/names/n79007042</marc:subfield>
            <marc:subfield code="v">Correspondence.</marc:subfield>
            <marc:subfield code="0">http://id.loc.gov/authorities/subjects/sh99001488</marc:subfield>
        </marc:datafield>
        <marc:datafield tag="650" ind1=" " ind2="0">
            <marc:subfield code="a">Politicians</marc:subfield>
            <marc:subfield code="0">http://id.loc.gov/authorities/subjects/sh85104461</marc:subfield>
            <marc:subfield code="z">North Carolina</marc:subfield>
            <marc:subfield code="0">http://id.loc.gov/authorities/names/n79007042</marc:subfield>
            <marc:subfield code="v">Correspondence.</marc:subfield>
            <marc:subfield code="0">http://id.loc.gov/authorities/subjects/sh99001488</marc:subfield>
        </marc:datafield>
        <marc:datafield tag="650" ind1=" " ind2="7">
            <marc:subfield code="a">Lawyers.</marc:subfield>
            <marc:subfield code="2">fast</marc:subfield>
            <marc:subfield code="0">http://id.worldcat.org/fast/994346</marc:subfield>
        </marc:datafield>
        <marc:datafield tag="650" ind1=" " ind2="7">
            <marc:subfield code="a">Politicians.</marc:subfield>
            <marc:subfield code="2">fast</marc:subfield>
            <marc:subfield code="0">http://id.worldcat.org/fast/1069915</marc:subfield>
        </marc:datafield>
        <marc:datafield tag="650" ind1=" " ind2="7">
            <marc:subfield code="a">Politics and government.</marc:subfield>
            <marc:subfield code="2">fast</marc:subfield>
            <marc:subfield code="0">http://id.worldcat.org/fast/1919741</marc:subfield>
        </marc:datafield>
        <marc:datafield tag="651" ind1=" " ind2="7">
            <marc:subfield code="a">North Carolina.</marc:subfield>
            <marc:subfield code="2">fast</marc:subfield>
            <marc:subfield code="0">http://id.worldcat.org/fast/1204304</marc:subfield>
        </marc:datafield>
        <marc:datafield tag="648" ind1=" " ind2="7">
            <marc:subfield code="a">1865-1950</marc:subfield>
            <marc:subfield code="2">fast</marc:subfield>
        </marc:datafield>
        <marc:datafield tag="655" ind1=" " ind2="7">
            <marc:subfield code="a">Personal correspondence.</marc:subfield>
            <marc:subfield code="2">fast</marc:subfield>
            <marc:subfield code="0">http://id.worldcat.org/fast/1919948</marc:subfield>
        </marc:datafield>
        <marc:datafield tag="905" ind1=" " ind2=" ">
            <marc:subfield code="a">MARCIVE 20210802</marc:subfield>
        </marc:datafield>
    </marc:record>